%% This BibTeX bibliography file was created using BibDesk.
%% http://bibdesk.sourceforge.net/


%% Created for Jake Ross at 2014-02-09 10:10:17 -0700 


%% Saved with string encoding Unicode (UTF-8) 



@url{cite-key,
	Date-Added = {2014-02-09 17:08:14 +0000},
	Date-Modified = {2014-02-09 17:10:09 +0000},
	Keywords = {git},
	Month = {February},
	Title = {Compare Repositories},
	Url = {http://www.ohloh.net/repositories/compare},
	Year = {2014}}

@misc{wiki:xxx,
	Author = {Wikipedia},
	Date-Added = {2014-02-09 17:02:08 +0000},
	Date-Modified = {2014-02-09 17:02:08 +0000},
	Note = {[Online; accessed 9-February-2014]},
	Title = {Comparison of open-source software hosting facilities --- Wikipedia{,} The Free Encyclopedia},
	Url = {\url{http://en.wikipedia.org/w/index.php?title=Comparison_of_open-source_software_hosting_facilities&oldid=593736277}},
	Year = {2014},
	Bdsk-Url-1 = {http://en.wikipedia.org/w/index.php?title=Comparison_of_open-source_software_hosting_facilities&oldid=593736277}}

@url{cite-key,
	Author = {GitHub},
	Date-Added = {2014-02-09 16:43:37 +0000},
	Date-Modified = {2014-02-09 16:44:35 +0000},
	Keywords = {git, github},
	Lastchecked = {1/14/2014},
	Title = {State of the Octoverse},
	Urldate = {http://octoverse.github.com/}}

@url{Driessen:jk,
	Author = {Vincent Driessen},
	Date-Added = {2014-02-09 16:30:16 +0000},
	Date-Modified = {2014-02-09 16:30:16 +0000},
	Keywords = {git, git-flow, version control, dvcs},
	Lastchecked = {1/14/2014},
	Title = {A successful Git branching model},
	Url = {http://nvie.com/posts/a-successful-git-branching-model/},
	Urldate = {January 05, 2010},
	Bdsk-Url-1 = {http://nvie.com/posts/a-successful-git-branching-model/}}
